@book{bogatin1997roadmaps,
  title     = {Roadmaps of packaging technology},
  author    = {Bogatin, Eric and Potter, Dick and Peters, Laura},
  year      = {1997},
  publisher = {Integrated Circuit Engineering Scottsdale}
}

@book{chen2006vlsi,
  author    = {Chen, Wai-Kai},
  title     = {The VLSI Handbook, Second Edition (Electrical Engineering Handbook)},
  year      = {2006},
  isbn      = {084934199X},
  publisher = {CRC Press, Inc.},
  address   = {USA}
}

@book{tummala2001fundamentals,
  title     = {Fundamentals of microsystems packaging},
  author    = {Tummala, Rao R and others},
  year      = {2001},
  publisher = {McGraw-Hill New York}
}
